@Article{GaleShapley62,
 author = {David Gale and Lloyd Shapley},
 title = {College Admission and the Stability of Marriage},
 journal = {American Mathematical Monthly},
 year = {1962}, 
 number = {69}, 
 pages = {9--15},
}
@Article{MagnusKazuo04Rand,
 author = {Magn\'us M. Halld\'orsson, Kazuo Iwama, Shuichi Miyazaki},
 title = {Randomized Approximation of the Stable Marriage Problem},
 journal = {Theoretical Computer Science},
 year = {2004},
 volumen = {325},
 number = {3},
 pages = {439--465},	
}
@Article{IwamaMiyazaki08Survey,
 author = {Kazuo Iwama, Shuichi Miyazaki},
 title = {A Survey of the Stable Marriage Problem and Its Variants},
 journal = {International Conference on Informatics Education and Research for Knowledge-Circulating Socity 2008},
 year = {2008},
 pages = {131--136},
}
@Article{ManloveIrving02Hard,
 author = {David Manlove and Robert Irving and Kazuo Iwama},
 title = {Hard variants of stable marriage},
 journal = {Theoretical Computer Science},
 year = {2002},
 volumen = {276},
 pages = {261-279},
}
@mastersthesis{ThesisIoannis10,
 author = {Ioannis Damianidis},
 title = {The Stable Marriage Problem - Optimizing Different Criteria Using Genetic Algorithms},	
 year = {2010},
 school = {University of Boras},
}
@mastersthesis{ThesisPodhradsky10,
 author = {Andrej Podhradsk\'y},
 title = {Stable Marriage Problem Algorithms},
 year = {2010},
 school = {Masaryk University},	
}
@Article{Irving94,
 author = {Robert W. Irving},
 title = {Stable marriage and indifference},
 journal = {Discrete Applied Mathematics},
 volumen = {48},
 year = {1994},
 pages = {261--272},	
}
@book{Gusfield89,
 author = {Dan Gusfield and Robert W. Irving},
 title = {The Stable Marriage Problem: Structure and Algorithms},
 year = {1989},
 publisher = {The MIT Press},
}
@book{Gelain10,
 author = {Mirco Gelain and Maria Silvia Pini},
 title = {Local Search for Stable Marriage Problems with Ties and Incomplete Lists},
 journal = {PRICAI 2010: Trends in Artificial Intelligence},
 volumen = "6230",
 year = {2010},
 pages = {54--75}

}